%YAML 1.1
%TAG !u! tag:unity3d.com,2011:
--- !u!1 &818713847508278598
GameObject:
  m_ObjectHideFlags: 0
  m_CorrespondingSourceObject: {fileID: 0}
  m_PrefabInstance: {fileID: 0}
  m_PrefabAsset: {fileID: 0}
  serializedVersion: 6
  m_Component:
  - component: {fileID: 3610682106185364094}
  - component: {fileID: 4504774388158234699}
  - component: {fileID: 2325717589151537127}
  m_Layer: 5
  m_Name: Text (TMP)
  m_TagString: Untagged
  m_Icon: {fileID: 0}
  m_NavMeshLayer: 0
  m_StaticEditorFlags: 0
  m_IsActive: 1
--- !u!224 &3610682106185364094
RectTransform:
  m_ObjectHideFlags: 0
  m_CorrespondingSourceObject: {fileID: 0}
  m_PrefabInstance: {fileID: 0}
  m_PrefabAsset: {fileID: 0}
  m_GameObject: {fileID: 818713847508278598}
  m_LocalRotation: {x: -0, y: -0, z: -0, w: 1}
  m_LocalPosition: {x: 0, y: 0, z: 0}
  m_LocalScale: {x: 1.0000485, y: 1.0000485, z: 1.0000485}
  m_Children: []
  m_Father: {fileID: 7792210090074126167}
  m_RootOrder: 2
  m_LocalEulerAnglesHint: {x: 0, y: 0, z: 0}
  m_AnchorMin: {x: 0, y: 0.1784536}
  m_AnchorMax: {x: 0, y: 0.1784536}
  m_AnchoredPosition: {x: 340.15, y: -17.795}
  m_SizeDelta: {x: 192.36, y: 42.48}
  m_Pivot: {x: 0.5, y: 0.5}
--- !u!222 &4504774388158234699
CanvasRenderer:
  m_ObjectHideFlags: 0
  m_CorrespondingSourceObject: {fileID: 0}
  m_PrefabInstance: {fileID: 0}
  m_PrefabAsset: {fileID: 0}
  m_GameObject: {fileID: 818713847508278598}
  m_CullTransparentMesh: 0
--- !u!114 &2325717589151537127
MonoBehaviour:
  m_ObjectHideFlags: 0
  m_CorrespondingSourceObject: {fileID: 0}
  m_PrefabInstance: {fileID: 0}
  m_PrefabAsset: {fileID: 0}
  m_GameObject: {fileID: 818713847508278598}
  m_Enabled: 1
  m_EditorHideFlags: 0
  m_Script: {fileID: 11500000, guid: f4688fdb7df04437aeb418b961361dc5, type: 3}
  m_Name: 
  m_EditorClassIdentifier: 
  m_Material: {fileID: 0}
  m_Color: {r: 1, g: 1, b: 1, a: 1}
  m_RaycastTarget: 1
  m_OnCullStateChanged:
    m_PersistentCalls:
      m_Calls: []
  m_text: New Text
  m_isRightToLeft: 0
  m_fontAsset: {fileID: 11400000, guid: 8f586378b4e144a9851e7b34d9b748ee, type: 2}
  m_sharedMaterial: {fileID: 2180264, guid: 8f586378b4e144a9851e7b34d9b748ee, type: 2}
  m_fontSharedMaterials: []
  m_fontMaterial: {fileID: 0}
  m_fontMaterials: []
  m_fontColor32:
    serializedVersion: 2
    rgba: 4294967295
  m_fontColor: {r: 1, g: 1, b: 1, a: 1}
  m_enableVertexGradient: 0
  m_colorMode: 3
  m_fontColorGradient:
    topLeft: {r: 1, g: 1, b: 1, a: 1}
    topRight: {r: 1, g: 1, b: 1, a: 1}
    bottomLeft: {r: 1, g: 1, b: 1, a: 1}
    bottomRight: {r: 1, g: 1, b: 1, a: 1}
  m_fontColorGradientPreset: {fileID: 0}
  m_spriteAsset: {fileID: 0}
  m_tintAllSprites: 0
  m_overrideHtmlColors: 0
  m_faceColor:
    serializedVersion: 2
    rgba: 4294967295
  m_outlineColor:
    serializedVersion: 2
    rgba: 4278190080
  m_fontSize: 38
  m_fontSizeBase: 36
  m_fontWeight: 400
  m_enableAutoSizing: 1
  m_fontSizeMin: 18
  m_fontSizeMax: 72
  m_fontStyle: 1
  m_textAlignment: 514
  m_characterSpacing: 0
  m_wordSpacing: 0
  m_lineSpacing: 0
  m_lineSpacingMax: 0
  m_paragraphSpacing: 0
  m_charWidthMaxAdj: 0
  m_enableWordWrapping: 1
  m_wordWrappingRatios: 0.4
  m_overflowMode: 0
  m_firstOverflowCharacterIndex: -1
  m_linkedTextComponent: {fileID: 0}
  m_isLinkedTextComponent: 0
  m_isTextTruncated: 0
  m_enableKerning: 1
  m_enableExtraPadding: 0
  checkPaddingRequired: 0
  m_isRichText: 1
  m_parseCtrlCharacters: 1
  m_isOrthographic: 1
  m_isCullingEnabled: 0
  m_ignoreRectMaskCulling: 0
  m_ignoreCulling: 1
  m_horizontalMapping: 0
  m_verticalMapping: 0
  m_uvLineOffset: 0
  m_geometrySortingOrder: 0
  m_VertexBufferAutoSizeReduction: 1
  m_firstVisibleCharacter: 0
  m_useMaxVisibleDescender: 1
  m_pageToDisplay: 1
  m_margin: {x: 0, y: 0, z: 0, w: 0}
  m_textInfo:
    textComponent: {fileID: 2325717589151537127}
    characterCount: 8
    spriteCount: 0
    spaceCount: 1
    wordCount: 2
    linkCount: 0
    lineCount: 1
    pageCount: 1
    materialCount: 1
  m_isUsingLegacyAnimationComponent: 0
  m_isVolumetricText: 0
  m_spriteAnimator: {fileID: 0}
  m_hasFontAssetChanged: 0
  m_subTextObjects:
  - {fileID: 0}
  - {fileID: 0}
  - {fileID: 0}
  - {fileID: 0}
  - {fileID: 0}
  - {fileID: 0}
  - {fileID: 0}
  - {fileID: 0}
  m_baseMaterial: {fileID: 0}
  m_maskOffset: {x: 0, y: 0, z: 0, w: 0}
--- !u!1 &3544889205550718810
GameObject:
  m_ObjectHideFlags: 0
  m_CorrespondingSourceObject: {fileID: 0}
  m_PrefabInstance: {fileID: 0}
  m_PrefabAsset: {fileID: 0}
  serializedVersion: 6
  m_Component:
  - component: {fileID: 7792210090074126167}
  - component: {fileID: 5696347058082979502}
  m_Layer: 5
  m_Name: RecipePresenter
  m_TagString: Untagged
  m_Icon: {fileID: 0}
  m_NavMeshLayer: 0
  m_StaticEditorFlags: 0
  m_IsActive: 1
--- !u!224 &7792210090074126167
RectTransform:
  m_ObjectHideFlags: 0
  m_CorrespondingSourceObject: {fileID: 0}
  m_PrefabInstance: {fileID: 0}
  m_PrefabAsset: {fileID: 0}
  m_GameObject: {fileID: 3544889205550718810}
  m_LocalRotation: {x: 0, y: 0, z: 0, w: 1}
  m_LocalPosition: {x: 0, y: 0, z: 0}
  m_LocalScale: {x: 1, y: 1, z: 1}
  m_Children:
  - {fileID: 6896709698539627456}
  - {fileID: 1650580709336446486}
  - {fileID: 3610682106185364094}
  m_Father: {fileID: 0}
  m_RootOrder: 0
  m_LocalEulerAnglesHint: {x: 0, y: 0, z: 0}
  m_AnchorMin: {x: 0.5, y: 0.5}
  m_AnchorMax: {x: 0.5, y: 0.5}
  m_AnchoredPosition: {x: 177.6, y: -69.56}
  m_SizeDelta: {x: 455.1, y: 239.11}
  m_Pivot: {x: 0.5, y: 0.5}
--- !u!114 &5696347058082979502
MonoBehaviour:
  m_ObjectHideFlags: 0
  m_CorrespondingSourceObject: {fileID: 0}
  m_PrefabInstance: {fileID: 0}
  m_PrefabAsset: {fileID: 0}
  m_GameObject: {fileID: 3544889205550718810}
  m_Enabled: 1
  m_EditorHideFlags: 0
  m_Script: {fileID: 11500000, guid: ae80045c34f559c428f44286d94c03fa, type: 3}
  m_Name: 
  m_EditorClassIdentifier: 
  icon: {fileID: 4421567426925614033}
  resNameLbl: {fileID: 2325717589151537127}
  elements:
  - {fileID: 7661634717314564813}
  - {fileID: 6968344608340209538}
  - {fileID: 6834993998580846020}
--- !u!1 &5028186552263434844
GameObject:
  m_ObjectHideFlags: 0
  m_CorrespondingSourceObject: {fileID: 0}
  m_PrefabInstance: {fileID: 0}
  m_PrefabAsset: {fileID: 0}
  serializedVersion: 6
  m_Component:
  - component: {fileID: 1650580709336446486}
  - component: {fileID: 976025747888051664}
  - component: {fileID: 4421567426925614033}
  m_Layer: 5
  m_Name: Image
  m_TagString: Untagged
  m_Icon: {fileID: 0}
  m_NavMeshLayer: 0
  m_StaticEditorFlags: 0
  m_IsActive: 1
--- !u!224 &1650580709336446486
RectTransform:
  m_ObjectHideFlags: 0
  m_CorrespondingSourceObject: {fileID: 0}
  m_PrefabInstance: {fileID: 0}
  m_PrefabAsset: {fileID: 0}
  m_GameObject: {fileID: 5028186552263434844}
  m_LocalRotation: {x: 0, y: 0, z: 0, w: 1}
  m_LocalPosition: {x: 0, y: 0, z: 0}
  m_LocalScale: {x: 1, y: 1, z: 1}
  m_Children: []
  m_Father: {fileID: 7792210090074126167}
  m_RootOrder: 1
  m_LocalEulerAnglesHint: {x: 0, y: 0, z: 0}
  m_AnchorMin: {x: 0.5, y: 0.5}
  m_AnchorMax: {x: 0.5, y: 0.5}
  m_AnchoredPosition: {x: 112.6, y: 0.000020981}
  m_SizeDelta: {x: 146.88, y: 146.88}
  m_Pivot: {x: 0.5, y: 0.5}
--- !u!222 &976025747888051664
CanvasRenderer:
  m_ObjectHideFlags: 0
  m_CorrespondingSourceObject: {fileID: 0}
  m_PrefabInstance: {fileID: 0}
  m_PrefabAsset: {fileID: 0}
  m_GameObject: {fileID: 5028186552263434844}
  m_CullTransparentMesh: 0
--- !u!114 &4421567426925614033
MonoBehaviour:
  m_ObjectHideFlags: 0
  m_CorrespondingSourceObject: {fileID: 0}
  m_PrefabInstance: {fileID: 0}
  m_PrefabAsset: {fileID: 0}
  m_GameObject: {fileID: 5028186552263434844}
  m_Enabled: 1
  m_EditorHideFlags: 0
  m_Script: {fileID: 11500000, guid: 1344c3c82d62a2a41a3576d8abb8e3ea, type: 3}
  m_Name: 
  m_EditorClassIdentifier: 
  m_Material: {fileID: 0}
  m_Color: {r: 1, g: 1, b: 1, a: 1}
  m_RaycastTarget: 1
  m_OnCullStateChanged:
    m_PersistentCalls:
      m_Calls: []
  m_Texture: {fileID: 0}
  m_UVRect:
    serializedVersion: 2
    x: 0
    y: 0
    width: 1
    height: 1
--- !u!1 &8959261130418355480
GameObject:
  m_ObjectHideFlags: 0
  m_CorrespondingSourceObject: {fileID: 0}
  m_PrefabInstance: {fileID: 0}
  m_PrefabAsset: {fileID: 0}
  serializedVersion: 6
  m_Component:
  - component: {fileID: 6896709698539627456}
  - component: {fileID: 7310041764509333962}
  m_Layer: 5
  m_Name: VerticalLayout
  m_TagString: Untagged
  m_Icon: {fileID: 0}
  m_NavMeshLayer: 0
  m_StaticEditorFlags: 0
  m_IsActive: 1
--- !u!224 &6896709698539627456
RectTransform:
  m_ObjectHideFlags: 0
  m_CorrespondingSourceObject: {fileID: 0}
  m_PrefabInstance: {fileID: 0}
  m_PrefabAsset: {fileID: 0}
  m_GameObject: {fileID: 8959261130418355480}
  m_LocalRotation: {x: 0, y: 0, z: 0, w: 1}
  m_LocalPosition: {x: 0, y: 0, z: 0}
  m_LocalScale: {x: 1, y: 1, z: 1}
  m_Children:
  - {fileID: 2708625316518123341}
  - {fileID: 3418769714678397442}
  - {fileID: 1233888052664997956}
  m_Father: {fileID: 7792210090074126167}
  m_RootOrder: 0
  m_LocalEulerAnglesHint: {x: 0, y: 0, z: 0}
  m_AnchorMin: {x: 0, y: 0}
  m_AnchorMax: {x: 0.67800003, y: 1}
  m_AnchoredPosition: {x: -42.6, y: 0.000038146973}
  m_SizeDelta: {x: -86.2, y: -0.6}
  m_Pivot: {x: 0.5, y: 0.5}
--- !u!114 &7310041764509333962
MonoBehaviour:
  m_ObjectHideFlags: 0
  m_CorrespondingSourceObject: {fileID: 0}
  m_PrefabInstance: {fileID: 0}
  m_PrefabAsset: {fileID: 0}
  m_GameObject: {fileID: 8959261130418355480}
  m_Enabled: 1
  m_EditorHideFlags: 0
  m_Script: {fileID: 11500000, guid: 59f8146938fff824cb5fd77236b75775, type: 3}
  m_Name: 
  m_EditorClassIdentifier: 
  m_Padding:
    m_Left: 0
    m_Right: 0
    m_Top: 0
    m_Bottom: 0
  m_ChildAlignment: 4
  m_Spacing: 0
  m_ChildForceExpandWidth: 1
  m_ChildForceExpandHeight: 0
  m_ChildControlWidth: 1
  m_ChildControlHeight: 0
  m_ChildScaleWidth: 0
  m_ChildScaleHeight: 0
--- !u!1001 &1765313339660205388
PrefabInstance:
  m_ObjectHideFlags: 0
  serializedVersion: 2
  m_Modification:
    m_TransformParent: {fileID: 6896709698539627456}
    m_Modifications:
    - target: {fileID: 675541612163917064, guid: 44151c5517c3d874281433a0bac18549,
        type: 3}
      propertyPath: m_LocalPosition.x
      value: 0
      objectReference: {fileID: 0}
    - target: {fileID: 675541612163917064, guid: 44151c5517c3d874281433a0bac18549,
        type: 3}
      propertyPath: m_LocalPosition.y
      value: 0
      objectReference: {fileID: 0}
    - target: {fileID: 675541612163917064, guid: 44151c5517c3d874281433a0bac18549,
        type: 3}
      propertyPath: m_LocalPosition.z
      value: 0
      objectReference: {fileID: 0}
    - target: {fileID: 675541612163917064, guid: 44151c5517c3d874281433a0bac18549,
        type: 3}
      propertyPath: m_LocalRotation.x
      value: 0
      objectReference: {fileID: 0}
    - target: {fileID: 675541612163917064, guid: 44151c5517c3d874281433a0bac18549,
        type: 3}
      propertyPath: m_LocalRotation.y
      value: 0
      objectReference: {fileID: 0}
    - target: {fileID: 675541612163917064, guid: 44151c5517c3d874281433a0bac18549,
        type: 3}
      propertyPath: m_LocalRotation.z
      value: 0
      objectReference: {fileID: 0}
    - target: {fileID: 675541612163917064, guid: 44151c5517c3d874281433a0bac18549,
        type: 3}
      propertyPath: m_LocalRotation.w
      value: 1
      objectReference: {fileID: 0}
    - target: {fileID: 675541612163917064, guid: 44151c5517c3d874281433a0bac18549,
        type: 3}
      propertyPath: m_RootOrder
      value: 2
      objectReference: {fileID: 0}
    - target: {fileID: 675541612163917064, guid: 44151c5517c3d874281433a0bac18549,
        type: 3}
      propertyPath: m_LocalEulerAnglesHint.x
      value: 0
      objectReference: {fileID: 0}
    - target: {fileID: 675541612163917064, guid: 44151c5517c3d874281433a0bac18549,
        type: 3}
      propertyPath: m_LocalEulerAnglesHint.y
      value: 0
      objectReference: {fileID: 0}
    - target: {fileID: 675541612163917064, guid: 44151c5517c3d874281433a0bac18549,
        type: 3}
      propertyPath: m_LocalEulerAnglesHint.z
      value: 0
      objectReference: {fileID: 0}
    - target: {fileID: 675541612163917064, guid: 44151c5517c3d874281433a0bac18549,
        type: 3}
      propertyPath: m_AnchoredPosition.x
      value: 0
      objectReference: {fileID: 0}
    - target: {fileID: 675541612163917064, guid: 44151c5517c3d874281433a0bac18549,
        type: 3}
      propertyPath: m_AnchoredPosition.y
      value: 0
      objectReference: {fileID: 0}
    - target: {fileID: 675541612163917064, guid: 44151c5517c3d874281433a0bac18549,
        type: 3}
      propertyPath: m_SizeDelta.x
      value: 0
      objectReference: {fileID: 0}
    - target: {fileID: 675541612163917064, guid: 44151c5517c3d874281433a0bac18549,
        type: 3}
      propertyPath: m_SizeDelta.y
      value: 77.74
      objectReference: {fileID: 0}
    - target: {fileID: 675541612163917064, guid: 44151c5517c3d874281433a0bac18549,
        type: 3}
      propertyPath: m_AnchorMin.x
      value: 0
      objectReference: {fileID: 0}
    - target: {fileID: 675541612163917064, guid: 44151c5517c3d874281433a0bac18549,
        type: 3}
      propertyPath: m_AnchorMin.y
      value: 0
      objectReference: {fileID: 0}
    - target: {fileID: 675541612163917064, guid: 44151c5517c3d874281433a0bac18549,
        type: 3}
      propertyPath: m_AnchorMax.x
      value: 0
      objectReference: {fileID: 0}
    - target: {fileID: 675541612163917064, guid: 44151c5517c3d874281433a0bac18549,
        type: 3}
      propertyPath: m_AnchorMax.y
      value: 0
      objectReference: {fileID: 0}
    - target: {fileID: 675541612163917064, guid: 44151c5517c3d874281433a0bac18549,
        type: 3}
      propertyPath: m_Pivot.x
      value: 0.5
      objectReference: {fileID: 0}
    - target: {fileID: 675541612163917064, guid: 44151c5517c3d874281433a0bac18549,
        type: 3}
      propertyPath: m_Pivot.y
      value: 0.5
      objectReference: {fileID: 0}
    - target: {fileID: 7710644274431902947, guid: 44151c5517c3d874281433a0bac18549,
        type: 3}
      propertyPath: m_Name
      value: RecipeElement (2)
      objectReference: {fileID: 0}
    m_RemovedComponents: []
  m_SourcePrefab: {fileID: 100100000, guid: 44151c5517c3d874281433a0bac18549, type: 3}
--- !u!224 &1233888052664997956 stripped
RectTransform:
  m_CorrespondingSourceObject: {fileID: 675541612163917064, guid: 44151c5517c3d874281433a0bac18549,
    type: 3}
  m_PrefabInstance: {fileID: 1765313339660205388}
  m_PrefabAsset: {fileID: 0}
--- !u!114 &6834993998580846020 stripped
MonoBehaviour:
  m_CorrespondingSourceObject: {fileID: 5090582658990403720, guid: 44151c5517c3d874281433a0bac18549,
    type: 3}
  m_PrefabInstance: {fileID: 1765313339660205388}
  m_PrefabAsset: {fileID: 0}
  m_GameObject: {fileID: 0}
  m_Enabled: 1
  m_EditorHideFlags: 0
  m_Script: {fileID: 11500000, guid: 258f8c3fa318eee4690e850ffb90821c, type: 3}
  m_Name: 
  m_EditorClassIdentifier: 
--- !u!1001 &2743230338045222666
PrefabInstance:
  m_ObjectHideFlags: 0
  serializedVersion: 2
  m_Modification:
    m_TransformParent: {fileID: 6896709698539627456}
    m_Modifications:
    - target: {fileID: 675541612163917064, guid: 44151c5517c3d874281433a0bac18549,
        type: 3}
      propertyPath: m_LocalPosition.x
      value: 0
      objectReference: {fileID: 0}
    - target: {fileID: 675541612163917064, guid: 44151c5517c3d874281433a0bac18549,
        type: 3}
      propertyPath: m_LocalPosition.y
      value: 0
      objectReference: {fileID: 0}
    - target: {fileID: 675541612163917064, guid: 44151c5517c3d874281433a0bac18549,
        type: 3}
      propertyPath: m_LocalPosition.z
      value: 0
      objectReference: {fileID: 0}
    - target: {fileID: 675541612163917064, guid: 44151c5517c3d874281433a0bac18549,
        type: 3}
      propertyPath: m_LocalRotation.x
      value: 0
      objectReference: {fileID: 0}
    - target: {fileID: 675541612163917064, guid: 44151c5517c3d874281433a0bac18549,
        type: 3}
      propertyPath: m_LocalRotation.y
      value: 0
      objectReference: {fileID: 0}
    - target: {fileID: 675541612163917064, guid: 44151c5517c3d874281433a0bac18549,
        type: 3}
      propertyPath: m_LocalRotation.z
      value: 0
      objectReference: {fileID: 0}
    - target: {fileID: 675541612163917064, guid: 44151c5517c3d874281433a0bac18549,
        type: 3}
      propertyPath: m_LocalRotation.w
      value: 1
      objectReference: {fileID: 0}
    - target: {fileID: 675541612163917064, guid: 44151c5517c3d874281433a0bac18549,
        type: 3}
      propertyPath: m_RootOrder
      value: 1
      objectReference: {fileID: 0}
    - target: {fileID: 675541612163917064, guid: 44151c5517c3d874281433a0bac18549,
        type: 3}
      propertyPath: m_LocalEulerAnglesHint.x
      value: 0
      objectReference: {fileID: 0}
    - target: {fileID: 675541612163917064, guid: 44151c5517c3d874281433a0bac18549,
        type: 3}
      propertyPath: m_LocalEulerAnglesHint.y
      value: 0
      objectReference: {fileID: 0}
    - target: {fileID: 675541612163917064, guid: 44151c5517c3d874281433a0bac18549,
        type: 3}
      propertyPath: m_LocalEulerAnglesHint.z
      value: 0
      objectReference: {fileID: 0}
    - target: {fileID: 675541612163917064, guid: 44151c5517c3d874281433a0bac18549,
        type: 3}
      propertyPath: m_AnchoredPosition.x
      value: 0
      objectReference: {fileID: 0}
    - target: {fileID: 675541612163917064, guid: 44151c5517c3d874281433a0bac18549,
        type: 3}
      propertyPath: m_AnchoredPosition.y
      value: 0
      objectReference: {fileID: 0}
    - target: {fileID: 675541612163917064, guid: 44151c5517c3d874281433a0bac18549,
        type: 3}
      propertyPath: m_SizeDelta.x
      value: 0
      objectReference: {fileID: 0}
    - target: {fileID: 675541612163917064, guid: 44151c5517c3d874281433a0bac18549,
        type: 3}
      propertyPath: m_SizeDelta.y
      value: 77.74
      objectReference: {fileID: 0}
    - target: {fileID: 675541612163917064, guid: 44151c5517c3d874281433a0bac18549,
        type: 3}
      propertyPath: m_AnchorMin.x
      value: 0
      objectReference: {fileID: 0}
    - target: {fileID: 675541612163917064, guid: 44151c5517c3d874281433a0bac18549,
        type: 3}
      propertyPath: m_AnchorMin.y
      value: 0
      objectReference: {fileID: 0}
    - target: {fileID: 675541612163917064, guid: 44151c5517c3d874281433a0bac18549,
        type: 3}
      propertyPath: m_AnchorMax.x
      value: 0
      objectReference: {fileID: 0}
    - target: {fileID: 675541612163917064, guid: 44151c5517c3d874281433a0bac18549,
        type: 3}
      propertyPath: m_AnchorMax.y
      value: 0
      objectReference: {fileID: 0}
    - target: {fileID: 675541612163917064, guid: 44151c5517c3d874281433a0bac18549,
        type: 3}
      propertyPath: m_Pivot.x
      value: 0.5
      objectReference: {fileID: 0}
    - target: {fileID: 675541612163917064, guid: 44151c5517c3d874281433a0bac18549,
        type: 3}
      propertyPath: m_Pivot.y
      value: 0.5
      objectReference: {fileID: 0}
    - target: {fileID: 7710644274431902947, guid: 44151c5517c3d874281433a0bac18549,
        type: 3}
      propertyPath: m_Name
      value: RecipeElement (1)
      objectReference: {fileID: 0}
    m_RemovedComponents: []
  m_SourcePrefab: {fileID: 100100000, guid: 44151c5517c3d874281433a0bac18549, type: 3}
--- !u!224 &3418769714678397442 stripped
RectTransform:
  m_CorrespondingSourceObject: {fileID: 675541612163917064, guid: 44151c5517c3d874281433a0bac18549,
    type: 3}
  m_PrefabInstance: {fileID: 2743230338045222666}
  m_PrefabAsset: {fileID: 0}
--- !u!114 &6968344608340209538 stripped
MonoBehaviour:
  m_CorrespondingSourceObject: {fileID: 5090582658990403720, guid: 44151c5517c3d874281433a0bac18549,
    type: 3}
  m_PrefabInstance: {fileID: 2743230338045222666}
  m_PrefabAsset: {fileID: 0}
  m_GameObject: {fileID: 0}
  m_Enabled: 1
  m_EditorHideFlags: 0
  m_Script: {fileID: 11500000, guid: 258f8c3fa318eee4690e850ffb90821c, type: 3}
  m_Name: 
  m_EditorClassIdentifier: 
--- !u!1001 &3240051704098927173
PrefabInstance:
  m_ObjectHideFlags: 0
  serializedVersion: 2
  m_Modification:
    m_TransformParent: {fileID: 6896709698539627456}
    m_Modifications:
    - target: {fileID: 541034365870963888, guid: 44151c5517c3d874281433a0bac18549,
        type: 3}
      propertyPath: m_AnchoredPosition.y
      value: -0.000011444092
      objectReference: {fileID: 0}
    - target: {fileID: 675541612163917064, guid: 44151c5517c3d874281433a0bac18549,
        type: 3}
      propertyPath: m_LocalPosition.x
      value: 0
      objectReference: {fileID: 0}
    - target: {fileID: 675541612163917064, guid: 44151c5517c3d874281433a0bac18549,
        type: 3}
      propertyPath: m_LocalPosition.y
      value: 0
      objectReference: {fileID: 0}
    - target: {fileID: 675541612163917064, guid: 44151c5517c3d874281433a0bac18549,
        type: 3}
      propertyPath: m_LocalPosition.z
      value: 0
      objectReference: {fileID: 0}
    - target: {fileID: 675541612163917064, guid: 44151c5517c3d874281433a0bac18549,
        type: 3}
      propertyPath: m_LocalRotation.x
      value: 0
      objectReference: {fileID: 0}
    - target: {fileID: 675541612163917064, guid: 44151c5517c3d874281433a0bac18549,
        type: 3}
      propertyPath: m_LocalRotation.y
      value: 0
      objectReference: {fileID: 0}
    - target: {fileID: 675541612163917064, guid: 44151c5517c3d874281433a0bac18549,
        type: 3}
      propertyPath: m_LocalRotation.z
      value: 0
      objectReference: {fileID: 0}
    - target: {fileID: 675541612163917064, guid: 44151c5517c3d874281433a0bac18549,
        type: 3}
      propertyPath: m_LocalRotation.w
      value: 1
      objectReference: {fileID: 0}
    - target: {fileID: 675541612163917064, guid: 44151c5517c3d874281433a0bac18549,
        type: 3}
      propertyPath: m_RootOrder
      value: 0
      objectReference: {fileID: 0}
    - target: {fileID: 675541612163917064, guid: 44151c5517c3d874281433a0bac18549,
        type: 3}
      propertyPath: m_LocalEulerAnglesHint.x
      value: 0
      objectReference: {fileID: 0}
    - target: {fileID: 675541612163917064, guid: 44151c5517c3d874281433a0bac18549,
        type: 3}
      propertyPath: m_LocalEulerAnglesHint.y
      value: 0
      objectReference: {fileID: 0}
    - target: {fileID: 675541612163917064, guid: 44151c5517c3d874281433a0bac18549,
        type: 3}
      propertyPath: m_LocalEulerAnglesHint.z
      value: 0
      objectReference: {fileID: 0}
    - target: {fileID: 675541612163917064, guid: 44151c5517c3d874281433a0bac18549,
        type: 3}
      propertyPath: m_AnchoredPosition.x
      value: 0
      objectReference: {fileID: 0}
    - target: {fileID: 675541612163917064, guid: 44151c5517c3d874281433a0bac18549,
        type: 3}
      propertyPath: m_AnchoredPosition.y
      value: 0
      objectReference: {fileID: 0}
    - target: {fileID: 675541612163917064, guid: 44151c5517c3d874281433a0bac18549,
        type: 3}
      propertyPath: m_SizeDelta.x
      value: 0
      objectReference: {fileID: 0}
    - target: {fileID: 675541612163917064, guid: 44151c5517c3d874281433a0bac18549,
        type: 3}
      propertyPath: m_SizeDelta.y
      value: 77.74
      objectReference: {fileID: 0}
    - target: {fileID: 675541612163917064, guid: 44151c5517c3d874281433a0bac18549,
        type: 3}
      propertyPath: m_AnchorMin.x
      value: 0
      objectReference: {fileID: 0}
    - target: {fileID: 675541612163917064, guid: 44151c5517c3d874281433a0bac18549,
        type: 3}
      propertyPath: m_AnchorMin.y
      value: 0
      objectReference: {fileID: 0}
    - target: {fileID: 675541612163917064, guid: 44151c5517c3d874281433a0bac18549,
        type: 3}
      propertyPath: m_AnchorMax.x
      value: 0
      objectReference: {fileID: 0}
    - target: {fileID: 675541612163917064, guid: 44151c5517c3d874281433a0bac18549,
        type: 3}
      propertyPath: m_AnchorMax.y
      value: 0
      objectReference: {fileID: 0}
    - target: {fileID: 675541612163917064, guid: 44151c5517c3d874281433a0bac18549,
        type: 3}
      propertyPath: m_Pivot.x
      value: 0.5
      objectReference: {fileID: 0}
    - target: {fileID: 675541612163917064, guid: 44151c5517c3d874281433a0bac18549,
        type: 3}
      propertyPath: m_Pivot.y
      value: 0.5
      objectReference: {fileID: 0}
    - target: {fileID: 7710644274431902947, guid: 44151c5517c3d874281433a0bac18549,
        type: 3}
      propertyPath: m_Name
      value: RecipeElement
      objectReference: {fileID: 0}
    m_RemovedComponents: []
  m_SourcePrefab: {fileID: 100100000, guid: 44151c5517c3d874281433a0bac18549, type: 3}
--- !u!224 &2708625316518123341 stripped
RectTransform:
  m_CorrespondingSourceObject: {fileID: 675541612163917064, guid: 44151c5517c3d874281433a0bac18549,
    type: 3}
  m_PrefabInstance: {fileID: 3240051704098927173}
  m_PrefabAsset: {fileID: 0}
--- !u!114 &7661634717314564813 stripped
MonoBehaviour:
  m_CorrespondingSourceObject: {fileID: 5090582658990403720, guid: 44151c5517c3d874281433a0bac18549,
    type: 3}
  m_PrefabInstance: {fileID: 3240051704098927173}
  m_PrefabAsset: {fileID: 0}
  m_GameObject: {fileID: 0}
  m_Enabled: 1
  m_EditorHideFlags: 0
  m_Script: {fileID: 11500000, guid: 258f8c3fa318eee4690e850ffb90821c, type: 3}
  m_Name: 
  m_EditorClassIdentifier: 
